@ARTICLE{teller92,
         AUTHOR = {Teller, S.},
         TITLE = {Computing the antipenumbra of an area light source},
         JOURNAL = {SIGGRAPH '92},
         YEAR = {1992}}
